<record><leader>00000cas a22000007a 4500</leader><controlfield tag="001">12380918</controlfield><controlfield tag="008">850813d18831884wiuwr ne      0    0eng d</controlfield><datafield ind1=" " ind2=" " tag="010"><subfield code="a">sn 85040911 </subfield></datafield><datafield ind1=" " ind2=" " tag="040"><subfield code="a">NPV</subfield><subfield code="b">eng</subfield><subfield code="c">NPV</subfield><subfield code="d">OCLCQ</subfield></datafield><datafield ind1=" " ind2=" " tag="042"><subfield code="a">msc</subfield></datafield><datafield ind1="0" ind2="0" tag="245"><subfield code="a">Yellow River lumberman.</subfield></datafield><datafield ind1=" " ind2=" " tag="260"><subfield code="a">Necedah, Juneau County, Wis. :</subfield><subfield code="b">Brawley &amp; Hutchinson,</subfield><subfield code="c">1883-</subfield></datafield><datafield ind1=" " ind2=" " tag="300"><subfield code="a">v.</subfield></datafield><datafield ind1=" " ind2=" " tag="310"><subfield code="a">Weekly</subfield></datafield><datafield ind1="0" ind2=" " tag="362"><subfield code="a">Vol. 2, no. 16 (Jan. 25, 1883)-</subfield></datafield><datafield ind1="1" ind2=" " tag="362"><subfield code="a">Ceased in Dec., 1884.</subfield><subfield code="z">Cf. Oehlerts, d. Guide to Wis. newspapers.</subfield></datafield><datafield ind1=" " ind2=" " tag="500"><subfield code="a">Publisher varies.</subfield></datafield><datafield ind1=" " ind2=" " tag="525"><subfield code="a">Supplements accompany some issues.</subfield></datafield><datafield ind1=" " ind2=" " tag="752"><subfield code="a">United States</subfield><subfield code="b">Wisconsin</subfield><subfield code="c">Juneau</subfield><subfield code="d">Necedah.</subfield></datafield><datafield ind1="0" ind2="0" tag="780"><subfield code="t">Necedah signal</subfield><subfield code="w">(DLC)sn 85040910</subfield></datafield><datafield ind1="0" ind2="0" tag="785"><subfield code="t">Juneau County sun</subfield><subfield code="w">(DLC)sn 86086735</subfield><subfield code="w">(OCoLC)14514735</subfield></datafield></record>